@misc{illinois_bell_1979,
  author       = {Illinois Bell Telephone Co.},
  title        = {Trial Development Cellular System in the Chicago Area},
  year         = {1979},
  note         = {Conducted in the Chicago area}
}

@book{wan_lei_2020,
  author    = {Wan Lei and Anthony C. K. Soong and Liu Jianghua and Wu Yong and Brian Classon and Weimin Xiao and David Mazzarese and Zhao Yang and Tony Saboorian},
  title     = {5G System Design: An End to End Perspective},
  year      = {2020},
  publisher = {Springer},
  address   = {Beijing, China},
  isbn      = {978-3-030-22235-2},
  url       = {https://doi.org/10.1007/978-3-030-22236-9},
  note      = {ISBN 978-3-030-22236-9 (eBook)}
}

@book{ahmadi_2019,
  author    = {S. Ahmadi},
  title     = {5G NR: Architecture Technology Implementation and Operation of 3GPP New Radio Standards},
  year      = {2019},
  publisher = {Academic},
  address   = {New Delhi, India}
}

@techreport{3gpp_2018,
  author     = {{3GPP}},
  title      = {5G: System Architecture for the 5G System (3GPP TS 23.501 Version 15.2.0 Release 15)},
  year       = {2018},
  volume     = {15},
  pages      = {4-220},
  institution = {3GPP}
}

@inproceedings{bernini_2020,
  author    = {G. Bernini and P. G. Giardina and S. Spadaro and F. Agraz and A. Pages and J. Cabaca and et al.},
  title     = {Multi-domain orchestration of 5G vertical services and network slices},
  booktitle = {Proc. IEEE Int. Conf. Commun. Workshops (ICC Workshops)},
  year      = {2020},
  pages     = {1-6},
  month     = {Jun.},
  publisher = {IEEE}
}

@techreport{3gpp_2016,
  title     = {Study on Architecture for Next Generation System (Release 14)},
  author    = {3GPP},
  institution = {3rd Generation Partnership Project},
  series    = {3GPP TS 23.799},
  pages     = {21--24},
  year      = {2016},
}

@techreport{3gpp_2019_policy,
  title       = {Policy and Charging Control Framework for the 5G System (5GS); Stage 2 (Release 15)},
  author      = {3GPP},
  institution = {3rd Generation Partnership Project},
  series      = {3GPP TS 23.503},
  year        = {2019},
}

@techreport{3gpp_2020_procedures,
  title       = {Procedures for the 5G System (5GS); Stage 2 (Release 16)},
  author      = {3GPP},
  institution = {3rd Generation Partnership Project},
  series      = {3GPP TS 23.502},
  year        = {2020},
}

@techreport{3gpp_2018_nr_description,
  title       = {5G; NR; Overall description; Stage-2 (Release 15)},
  author      = {3GPP},
  institution = {3rd Generation Partnership Project},
  series      = {3GPP TS 38.300},
  year        = {2018},
}

@inproceedings{valera2019geant,
  author    = {B. Valera-Muros and P. Merino-Gomez},
  title     = {Is G{\'E}ANT testbeds service compliant with ETSI MANO?},
  booktitle = {Proc. IEEE 2nd 5G World Forum (GWF)},
  pages     = {502--507},
  month     = sep,
  year      = {2019}
}

@inproceedings{zhang2018performance,
  author    = {C. Zhang and X. Wen and L. Wang and Z. Lu and L. Ma},
  title     = {Performance evaluation of candidate protocol stack for service-based interfaces in 5G core network},
  booktitle = {Proc. IEEE Int. Conf. Commun. Workshops (ICC Workshops)},
  pages     = {1--6},
  month     = may,
  year      = {2018}
}

@techreport{ngran3gpp2020,
  title     = {NG-RAN; Architecture Description (Release 16)},
  author      = {3GPP},
  year      = {2020},
  institution = {3GPP},
  type      = {Technical Report}
}

@ARTICLE{check2015cloud,
  author={Checko, Aleksandra and Christiansen, Henrik L. and Yan, Ying and Scolari, Lara and Kardaras, Georgios and Berger, Michael S. and Dittmann, Lars},
  journal={IEEE Communications Surveys and Tutorials}, 
  title={Cloud RAN for Mobile Networksâ€”A Technology Overview}, 
  year={2015},
  volume={17},
  number={1},
  pages={405-426},
  keywords={Base stations;Mobile communication;Mobile computing;Computer architecture;Baseband;Radio access networks;Antennas;Cloud RAN;mobile networks;small cells;eICIC;CoMP;virtualization;in-phase and quadrature (IQ) compression;CPRI},
  doi={10.1109/COMST.2014.2355255}}

@ARTICLE{wu2015,
  author={Wu, Jun and Zhang, Zhifeng and Hong, Yu and Wen, Yonggang},
  journal={IEEE Network}, 
  title={Cloud radio access network (C-RAN): a primer}, 
  year={2015},
  volume={29},
  number={1},
  pages={35-41},
  keywords={Radio access networks;Computer architecture;Mobile communication;Interference;Resource management;Power demand;Base stations;Cloud computing;Radio communication},
  doi={10.1109/MNET.2015.7018201}}

@techreport{oran_alliance,
  title     = "{O-RAN Architecture Description}",
  author    = "{O-RAN Alliance}",
  year      = "2020",
  institution = "{O-RAN Alliance Technical Specifications}"
}

@article{gavrilovska2020cloud,
author = {Gavrilovska, Liljana and Rakovic, Valentin and Denkovski, Daniel},
year = {2020},
month = {08},
pages = {},
title = {From Cloud RAN to Open RAN},
volume = {113},
journal = {Wireless Personal Communications},
doi = {10.1007/s11277-020-07231-3}
}